% MASc & PhD Thesis Template

% Department of Electrical & Computer Engineering (ECE)
% Queen's University 

% Requisitioned By: Professor Michael Greenspan
% Prepared By: Ian Maquignaz M.Eng, MASc

% Template Version 1.0 - September 2017

% >>> OPEN THIS FILE IN TeXstudio TO ADD REFERENCES TO YOUR THESIS! <<< %

% -> FILE DESCRIPTION :: References.bib
%	This file contains all of your references in bibtex format. 
% 	There are a couple methods of entering references:
%		1. Copy and past the BibTex reference directly from Google Schoolar!
%		2. Use a plugin to generate the citation for you! (See Chrome Extension 'BibTex Entry From Url')
%		3. Manual Entry

% Everything outside a bibtex "block" is a comment so none of this text affects the file. Use this to your advantage write your notes about papers in here right after the bibtex block!
	
-----------------------------------------------------------------------------
Websites:

@misc{xkcdThesis,
author = {},
title = {xkcd: Thesis Defense},
howpublished = {\url{https://xkcd.com/1403/}},
month = {},
year = {},
note = {(Accessed on 10/20/2017)}
}

@misc{BigBang,
	author = {},
	title = {Big Bang - Warm Kitty, Soft Kitty (Sheldon's Lullaby Sick Song) Instrumental Version Lyrics | MetroLyrics},
	howpublished = {\url{http://www.metrolyrics.com/warm-kitty-soft-kitty-sheldons-lullaby-sick-song-instrumental-version-lyrics-big-bang.html?ModPagespeed=noscript}},
	month = {},
	year = {},
	note = {(Accessed on 10/20/2017)}
}

-----------------------------------------------------------------------------
Papers:

@inproceedings{shaw2003writing,
  title={Writing good software engineering research papers},
  author={Shaw, Mary},
  booktitle={Software Engineering, 2003. Proceedings. 25th International Conference on},
  pages={726--736},
  year={2003},
  organization={IEEE}
}

@article{paltridge2002thesis,
  title={Thesis and dissertation writing: an examination of published advice and actual practice},
  author={Paltridge, Brian},
  journal={English for Specific Purposes},
  volume={21},
  number={2},
  pages={125--143},
  year={2002},
  publisher={Elsevier}
}


-----------------------------------------------------------------------------
Books:

@book{eco2015write,
  title={How to write a thesis},
  author={Eco, Umberto},
  year={2015},
  publisher={MIT Press}
}
